@article{devlin2018bert,

  title={Bert: Pre-training of deep bidirectional transformers for language understanding},

  author={Devlin, Jacob and Chang, Ming-Wei and Lee, Kenton and Toutanova, Kristina},

  journal={arXiv preprint arXiv:1810.04805},

  year={2018}
}

@inproceedings{wu2019enriching,
  title={Enriching pre-trained language model with entity information for relation classification},

  author={Wu, Shanchan and He, Yifan},

  booktitle={Proceedings of the 28th ACM international conference on information and knowledge management},

  pages={2361--2364},

  year={2019}
}